@misc{website:telegeography,
      author = "PriMetrica Inc",
      title = "Submarine Cable Landing Directory",
      month = "Junio",
      year = "2014",
      url = "http://www.telegeography.com/telecom-resources/submarine-cable-landing-directory/"
}
@misc{website:wikimedia,
      author = "Wikimedia Foundation",
      title = "Wikimedia servers",
      month = "Mayo",
      year = "2014",
      url = "http://meta.wikimedia.org/wiki/Wikimedia_servers/"
}
@misc{website:google,
      author = "Google Careers",
      title = "Google Mountain View (Global HQ)",
      month = "Junio",
      year = "2014",
      url = "http://www.google.cl/about/careers/locations/mountain-view/"
}
@misc{website:cablestransoceanicos,
      author = "Alejandro Avilés del Moral",
      title = "Cables transoceánicos",
      month = "Abril",
      year = "2011",
      url = "http://www.scribd.com/doc/52352029/Cables-transoceanicos/"
}
@misc{website:galido,
      author = "IT Blog - Galido.net",
      title = "How does the Internet connect between continents?",
      month = "Abril",
      year = "2012",
      url = "http://galido.net/blog/how-does-the-internet-connect-between-continents/"
}
@misc{website:repair,
      author = "Wilson Rothman",
      title = "How To Fix a Mysteriously Ruptured Undersea Cable",
      month = "Junio",
      year = "2008",
      url = "http://gizmodo.com/353230/how-to-fix-a-mysteriously-ruptured-undersea-cable/"
}